<record><leader>00000cas a22000007a 4500</leader><controlfield tag="001">10820617</controlfield><controlfield tag="008">840608d18811885iauwr ne      0   a0eng d</controlfield><datafield ind1=" " ind2=" " tag="010"><subfield code="a">sn 84024497 </subfield></datafield><datafield ind1=" " ind2=" " tag="040"><subfield code="a">NPV</subfield><subfield code="b">eng</subfield><subfield code="c">NPV</subfield><subfield code="d">NPX</subfield><subfield code="d">INP</subfield><subfield code="d">OCLCQ</subfield></datafield><datafield ind1=" " ind2=" " tag="042"><subfield code="a">msc</subfield></datafield><datafield ind1="0" ind2="0" tag="245"><subfield code="a">Chariton Democrat-leader.</subfield></datafield><datafield ind1="1" ind2="3" tag="246"><subfield code="a">Democrat-leader</subfield></datafield><datafield ind1=" " ind2=" " tag="260"><subfield code="a">Chariton, Iowa :</subfield><subfield code="b">J.D. Hull,</subfield><subfield code="c">-1885.</subfield></datafield><datafield ind1=" " ind2=" " tag="300"><subfield code="a">v. :</subfield><subfield code="b">ill. ;</subfield><subfield code="c">70 cm.</subfield></datafield><datafield ind1=" " ind2=" " tag="310"><subfield code="a">Weekly</subfield></datafield><datafield ind1="1" ind2=" " tag="362"><subfield code="a">Began Dec. 1881.</subfield></datafield><datafield ind1="0" ind2=" " tag="362"><subfield code="a">-v. 14, no. 4 (Apr. 29, 1885).</subfield></datafield><datafield ind1=" " ind2=" " tag="500"><subfield code="a">Publisher varies.</subfield></datafield><datafield ind1=" " ind2=" " tag="588"><subfield code="a">Description based on: Vol. 11, no. 14 (July 13, 1882).</subfield></datafield><datafield ind1=" " ind2=" " tag="752"><subfield code="a">United States</subfield><subfield code="b">Iowa</subfield><subfield code="c">Lucas</subfield><subfield code="d">Chariton.</subfield></datafield><datafield ind1="0" ind2="4" tag="780"><subfield code="t">Chariton leader (Chariton, Iowa : 1872)</subfield><subfield code="w">(DLC)sn 84038073</subfield></datafield><datafield ind1="0" ind2="4" tag="780"><subfield code="t">Chariton Democrat (Chariton, Iowa : 1881)</subfield><subfield code="w">(DLC)sn 86060909</subfield></datafield><datafield ind1="0" ind2="0" tag="785"><subfield code="t">Chariton Democrat (Chariton, Iowa : 1885)</subfield><subfield code="w">(DLC)sn 86060910</subfield></datafield><datafield ind1="1" ind2=" " tag="029"><subfield code="a">AU@</subfield><subfield code="b">000023457180</subfield></datafield></record>